@unpublished{KW16,
  author={Kevin Wellenzohn and Michael B{\"o}hlen and Anton Dign{\"o}s and
    Johann Gamper and Hannes Mitterer},
  title={Continuous Imputation of Missing Values in Highly Correlated Streams of Time
    Series Data},
  school={University of Zurich},
  year={2016},
  note={Unpublished}
}

@inproceedings{JR00,
  author = {Rao, Jun and Ross, Kenneth A.},
  title = {Making B+- Trees Cache Conscious in Main Memory},
  booktitle = {SIGMOD},
  year = {2000},
  isbn = {1-58113-217-4},
  numpages = {12},
  url = {http://doi.acm.org/10.1145/342009.335449},
  doi = {10.1145/342009.335449},
  acmid = {335449},
}
